@MISC{Anderson:06,
  author = {Anderson V. Cattelan and Carini Severo and Giovana Pezzini},
  title = {{LESÕES POR ESFORÇOS REPETITIVOS / DISTÚRBIOS OSTEOMUSCULARES RELACIONADOS AO TRABALHO (LER/DORT): A MAIS NOVA EPIDEMIA NA SAÚDE PÚBLICA BRASILEIRA}},
  year = {2006},
  note = {FisioWeb},
  url = {http://www.wgate.com.br/conteudo/medicinaesaude/fisioterapia/reumato/ler\_dort\_
  epidemia.htm},
  urlaccessdate = {10 de setembro de 2014}
}

@MISC{arduino2014,
  author = {Arduíno},
  title = {{Arduíno Yún}},
  year = {2014},
  note = {Arduíno.cc},
  url = {http://arduino.cc/en/Main/ArduinoBoardYun},
  urlaccessdate = {16 de novembro de 2014}
}

@MISC{peoplefrances,
  author = {Arnaud Boudou},
  title = {{Apresentando o Arduíno Yún}},
  year = {2013},
  note = {Ekito People},
  url = {http://www.ekito.fr/people/presentation-de-larduino-yun/},
  urlaccessdate = {17 de novembro de 2014}
}

@MISC{embarcados,
  author = {André Curvello},
  title = {{Arduíno Yún}},
  year = {2014},
  note = {Embarcados},
  url = {http://www.embarcados.com.br/arduino-yun/},
  urlaccessdate = {18 de novembro de 2014}
}

@MISC{sensor,
  author = {Miguel Correia and Artur Cardoso},
  title = {{Projetos de Medição Sensores e Instrumentação}},
  year = {2006},
  note = {Faculdade de Engenharia da Universidade do Porto},
  url = {http://paginas.fe.up.pt/},
  urlaccessdate = {18 de novembro de 2014}
}

@MISC{veja,
  author = { Abril Veja},
  title = {{Ficar sentado por muito tempo é um risco à saúde}},
  year = {2012},
  note = {Marcio Passini and Sergio Jose Nicoletti},
  url = {http://veja.abril.com.br/noticia/saude/conheca-seis-alternativas-para-amenizar-os-problemas-de-ficar-sentado-por-muito-tempo},
  urlaccessdate = {08 de dezembro de 2014}
}

@MISC{arduinoyun,
  author = {Rodrigo Caula},
  title = {{Arduíno Yún uses Wi-Fi + Linux}},
  year = {2013},
  note = {designboom},
  url = {http://www.designboom.com/technology/arduino-yun-2/},
  urlaccessdate = {16 de novembro de 2014}
}

@BOOK{microcontroladores05,
  title = {MICROCONTROLADORES: PROGRAMAÇÃO E PROJETOS COM A FAMILIA 8051},
  year = {2005},
  publisher = {MZ Editora},
  author = {Ricardo Zelenovsky and Alexandre Mendonca},
  address = {Rio de Janeiro}
}


@BOOK{EAT2007,
  title = {ERGONOMIA APLICADA AO TRABALHO: CONTEÚDO BÁSICO: GUIA PRÁTICO.},
  year = {2007},
  publisher = {Editora Ergo},
  author = {Hudson de Araújo Couto},
  address = {Belo Horizonte}


}

@BOOK{EPP1990,
  title = {ERGONOMIA: PROJETO E PRODUÇÃO.},
  year = {1990},
  publisher = {Editora Edgard Blucher Ltda.},
  author = {Itiro Lida},
  address = {São Paulo}


}

@BOOK{INTROFISIO,
  title = {INTRODUÇÃO À FISIOTERAPIA.},
  year = {2011},
  publisher = {Guanabara Koogan.},
  author = {Gisele Braga Pinheiro},
  address = {Rio de Janeiro}


}
  
  
  @BOOK{DICIOFISIO,
  title = {DICIONÁRIO DE FISIOTERAPIA},
  year = {2005},
  publisher = {Guanabara Koogan},
  author = {Attilio Lopes},
  address = {Rio de Janeiro}


}

  @BOOK{ERGONOMICSATWORK,
  title = {ERGONOMICS AT WORK},
  year = {1991},
  publisher = {Wiley},
  author = {David J. Oborne},
  address = {USA}


}
  
  
  
  
  
  
  
  
  
  
@MISC{Zaccariotto:2010,
  author = {VICTOR LIPPI ZACCARIOTTO},
  title = {Detecção de Pessoas utilizando vídeo em ambiente controlado},
  year = {2010},
  note = {Monografia},
  url={http://people-detection-csharp.googlecode.com/files/Paper.pdf},
  school = {UNIVERSIDADE SÃO FRANCISCO - Itatiba, SP}
}

@INBOOK{LavracDze:01:Cap2,
  chapter = {2},
  pages = {28--47},
  title = {{Knowledge Discovery in Databases: An Overview}},
  publisher = {Springer-Verlag},
  year = {2001},
  author = {Usama Fayyad},
  volume = {1},
  address = {Berlin},
  edition = {1},
  crossref = {LavracDze:01}
}

@MISC{Monard:03:Cap4,
  chapter = {4},
  pages = {89--114},
  title = {{Conceitos sobre Aprendizado de M\'aquina}},
  publisher = {Editora Manole},
  year = {2003},
  author = {M. C. Monard and J. A. Baranauskas},
  volume = {1},
  series = {1},
  address = {Barueri, SP, Brasil},
  crossref = {Rezende:03}
}

@INBOOK{Monard:03:Cap5,
  chapter = {5},
  pages = {115--140},
  title = {{Indu\c{c}\~ao de Regras e \'arvores de Decis\'ao}},
  publisher = {Editora Manole},
  year = {2003},
  author = {M. C. Monard and J. A. Baranauskas},
  volume = {1},
  series = {1},
  address = {Barueri, SP, Brasil},
  crossref = {Rezende:03}
}

@INBOOK{Rezende:03:Cap2,
  chapter = {2},
  pages = {13--49},
  title = {Sistemas Baseados em Conhecimento},
  publisher = {Editora Manole},
  year = {2003},
  author = {S. O. Rezende and J. B. Pugliesi and F. M. Varej\~ao},
  volume = {1},
  series = {1},
  address = {Barueri, SP, Brasil},
  crossref = {Rezende:03}
}

@INBOOK{Rezende:03:Cap12,
  chapter = {12},
  pages = {307--335},
  title = {Minera\c{c}\~ao de Dados},
  publisher = {Editora Manole},
  year = {2003},
  author = {S. O. Rezende and J. B. Pugliesi and E. A. Melanda and M. F. de Paula},
  volume = {1},
  series = {1},
  address = {Barueri, SP, Brasil},
  edition = {1},
  note = {ISBN 85-204-1683-7},
  crossref = {Rezende:03}
}

@BOOK{Artero2009,
  title = {Intelig\^encia Artificial Teoria e Pr\'atica},
  year = {2009},
  publisher = {Livr\'aria da F\'isica},
  author = {Almir Olivette Artero},
  address = {São Paulo}
}

@BOOK{Filho2000,
  title = {Teste},
  year = {2000},
  publisher = {Livr\'aria da F\'isica},
  author = {Fulano da {Silva Filho}},
  address = {São Paulo}
}

@BOOK{IC2010,
  title = {Uma introdução à Inteligência Computacional. Fundamentos, Ferramentas e Aplicações},
  year = {2010},
  publisher = {Instituto Superior de Tecnologia do Rio de Janeiro},
  author = {Ronaldo Ribeiro Goldschmidt},
  address = {Rio de Janeiro}
}

@ARTICLE{Opencv2008,
  author = {Bradski, G.},
  title = {The OpenCV Library},
  journal = {Dr. Dobb's Journal of Software Tools},
  year = {2000},
  citeulike-article-id = {2236121},
  keywords = {bibtex-import},
  posted-at = {2008-01-15 19:21:54},
  priority = {4}
}

@MISC{Arantes2010,
  author = {Milene Arantes},
  title = {Método de Reconhecimento da Marcha Humana por meio da Fusão das Características do Movimento Global},
  publisher = {Universidade de São Paulo},
  year = {2010},
  url = {http://www.teses.usp.br/teses/disponiveis/18/18152/tde-24062010-153212/publico/Milene.pdf},
  urlaccessdate = {03 de setembro de 2012}
}

@ARTICLE{AlanizMantaring2010,
  author = {Arthur Louis Alaniz and Christina Marianne G. Mantaring},
  title = {Using Local Steering Kernels to Detect People in Videos},
  publisher = {Stanford University},
  year = {2010},
  url = {http://cs229.stanford.edu/proj2010/AlanizMantaring-UsingLocalSteeringKernelsToDetectPeopleInVideos.pdf},
  urlaccessdate = {01 de setembro de 2012}
}

@MISC{metodologia2005,
  author = {Edna Lúcia da Silva and Estera Muszkat Menezes},
  title = {Metodologia da Pesquisa e Elaboração de Dissertação},
  publisher = {Universidade Federal de Santa Catarina - UFSC},
  year = {2005},
  url = {http://projetos.inf.ufsc.br/arquivos/Metodologia\_de\_pesqui
  sa\_e\_elaboracao\_de\_teses\_e\_dissertacoes\_4ed.pdf},
  urlaccessdate = {30 de agosto de 2012}
}

@MISC{Melo2011,
  author = {Victor Hugo Cunha de Melo},
  title = {Contagem de pessoas por vídeos usando câmeras em posição zenital},
  publisher = {Universidade Federal de Ouro Preto - UFOP},
  year = {2011},
  url = {http://www.decom.ufop.br/menotti/monoI111/RelatorioAtividades-final/BCC390-111-vf-08.1.4047-VictorHugoCunhaDeMelo.pdf},
  urlaccessdate = {07 de setembro de 2012}
}

@MISC{classPessoas2010,
  author = {Gustavo Botelho de Souza and Aparecido Nilceu Marana},
  title = {Classificação de Pessoas em Imagens de Vídeo Utilizando Características Biométricas Leves},
  publisher = {VI Workshop de Visão Computacional},
  year = {2010},
  url = {http://www.bioinfo.ufpr.br/publicacoes/wvc2010/artigos/poster/72649.pdf},
  urlaccessdate = {05 de setembro de 2012}
}

@MISC{VC2011,
  author = {Luiz Romário Santana Rios},
  title = {Visão Computacional},
  year = {2011},
  publisher = {Universidade Federal da Bahia}
}

@BOOK{L_OpenCV2008,
  title = {Learning OpenCV},
  publisher = {O'Reilly Media Inc.},
  year = {2008},
  author = {Bradski, Gary., and Kaehler, Adrian},
  isbn = {978-0-596-51613-0},
  keywords = {AI, artificial intelligence, computer vision, machine learning, perception,
	vision},
  url = {http://oreilly.com/catalog/9780596516130},
  address= {USA}
}

@BOOK{BCOPPIN2010,
  title = {Intelig\^encia Artificial},
  year = {2010},
  publisher = {LTC},
  author = {Ben Coppin},
  address = {São Paulo}
}


@MISC{Ferro:06b,
  author = {Mariza Ferro},
  title = {{Aquisi\c{c}\~ao de Conhecimento Utilizando Aprendizado de M\'aquina
	Relacional}},
  year = {2006},
  note = {Monografia para o Exame de Qualifica\c{c}\~ao de Doutorado, ICMC-USP},
  institution = {ICMC-USP},
  pages = {79},
  school = {ICMC-USP}
}




@MISC{Ferro:03,
  author = {Mariza Ferro},
  title = {{Aquisi\c{c}\~ao de Conhecimento Utilizando Aprendizado de M\'aquina
	Relacional}},
  year = {2003},
  note = {Monografia para o Exame de Qualifica\c{c}\~ao de Mestrado, ICMC-USP},
  institution = {ICMC-USP},
  pages = {64},
  school = {ICMC-USP}
}

@MISC{Ferro:02a,
  author = {Mariza Ferro},
  title = {{Aplica\c{c}\~ao de M\'etodos de Aprendizado de M\'aquina Simb\'olico
	para Extra\c{c}\~ao de Conhecimento de Bases de Dados Reais: Um Estudo
	de Caso do Processamento de S\^emen}},
  year = {2002},
  note = {Monografia para Obten\c{c}\~ao do Grau de Bacharel, Unioeste},
  institution = {Unioeste},
  pages = {71},
  school = {Unioeste}
}

@INPROCEEDINGS{Ferro:02b,
  author = {Mariza Ferro and Huei Diana Lee and Sandro C. Esteves},
  title = {{Intelligent Data Analysis: A Case Study of the Diagnostic Sperm
	Processing}},
  booktitle = {Proceedings ACIS International Conference on Computer Science, Software
	Engineering, Information Technology, e-Business, and Applications
	(CSITeA-02)},
  year = {2002},
  pages = {116--120},
  address = {Foz do Igua\c{c}u, Brazil},
  month = {June}
}

@INPROCEEDINGS{Ferro:06,
  author = {Mariza Ferro and Maria Carolina Monard},
  title = {{Uma Proposta para Facilitar a Manipula\c{c}\~ao de Atributos Num\'{e}ricos
	por Sistemas de Programa\c{c}\~ao L\'{o}gica Indutiva}},
  booktitle = {Anais do Workshop on Msc Dissertation and Phd Thesis in Artificial
	Intelligenci (WTDIA 2006)},
  year = {2006},
  pages = { },
  address = {Ribeir\~ao Preto, Brasil}
}

@INPROCEEDINGS{Ferro:05,
  author = {Mariza Ferro and Maria Carolina Monard},
  title = {{Uma Ferramenta para Converter Exemplos de Aprendizado no Formato
	Atributo-Valor para o Formato Apropriado ao Uso de Algoritmos de
	Programa\c{c}\~ao L\'ogica Indutiva}},
  booktitle = {Anais da XXXI Confer\^encia Latinoamericana de Inform\'atica (CLEI2005)},
  year = {2005},
  pages = {109--120},
  address = {Cali, Colombia}
}

@BOOK{Gamma2008,
title = {Design Patterns},
year = {2000},
publisher = {Bookman},
author = {Erich Gamma and Richard Helm and Ralph Johnson and John Vlissides},
address = {Porto Alegre}
}