@article{google-flu,
 author = {Jeremy Ginsberg and others},
 title = {Detecting influenza epidemics using search engine query data},
 year = {2009}
}

@article{navega,
  title={Princ{\'\i}pios essenciais do data mining},
  author={Navega, Sergio},
  journal={Anais do Infoimagem},
  year={2002}
}

@article{codd,
 author = {Edgar Frank Codd},
 title = {A Relational Model of Data for
Large Shared Data Banks},
 year = {1969},
 url = {https://www.seas.upenn.edu/~zives/03f/cis550/codd.pdf},
 note = {Acesso em 04 de outubro de 2015}
}

@article{rest,
 author = {Roy Thomas Fielding},
 title = {Architectural Styles and the Design of Network-based Software Architectures},
 year = {2000},
}

@article{hand,
 author = {David John Hand},
 title = {Statistics and Data Mining: Intersecting Disciplines},
 year = {1998},
 url = {http://kdd.org/exploration_files/hand.pdf},
 note = {Acesso em 26 de outubro de 2015}
}

@article{matplotlib,
 author = {Erica Wiener},
 title = {Matplotlib Tools},
 year = {2014},
 url = {https://wiki.ucar.edu/display/ral/Matplotlib+Tools},
 note = {Acesso em 27 de novembro de 2015}
}

@article{fayyad,
 author = {Usama Fayyad and others},
 title = {From Data Mining to Knowledge Discovery in Databases},
 year = {1996-a},
 url = {http://www.csd.uwo.ca/faculty/ling/cs435/fayyad.pdf},
 note = {Acesso em 23 de outubro de 2015}
}

@article{fayyad2,
 author = {Usama Fayyad and others},
 title = {Advances in Knowledge Discovery in Data Mining},
 year = {1996-b},
}

@article{brachman,
 author = {Ronald J. Brachman and others},
 title = {The Process of Knowledge Discovery in Databases},
 year = {1996},
 url = {https://www.aaai.org/Papers/Workshops/1994/WS-94-03/WS94-03-001.pdf},
 note = {Acesso em 23 de outubro de 2015}
}

@article{conceito-data-mining,
 author = {Heloisa Helena Sferra and Angela Maria Carlos Jorge Correa},
 title = {Conceitos e Aplica\c{c}\~oes de Data Mining},
 year = {2003}
}

@article{logs-web,
  title={An{\'a}lise de logs da web por meio de t{\'e}cnicas de data mining},
  author={da Silva, Mabel Pereira and Boscarioli, Clodis and Peres, Sarajane Marques},
  year={2003}
}

@article{diag-medico,
  title={Data-Mining como Suporte {\`a} Tomada de Decis{\~o}es-uma Aplica{\c{c}}{\~a}o no Diagn{\'o}stico M{\'e}dico},
  author={Steiner, Maria Teresinha Arns and Soma, Nei Yoshihiro and Shimizu, Tamio and Nievola, J{\'u}lio Cesar and LOPES, F and Smiderle, Andr{\'e}ia},
  journal={XXXVI SIMP{\'O}SIO BRASILEIRO DE PESQUISA OPERACIONAL," O IMPACTO DA PESQUISA OPERACIONAL NAS NOVAS TEND{\^E}NCIAS MULTIDISCIPLINARES},
  volume={23},
  pages={96--107},
  year={2004}
}

@article{metodologia,
  title={Metodologia da pesquisa e Elaboração de Dissertação},
  author={Edna Lúcia da Silva and Estera Muzkat Menezes},
  journal={UFSC, Florianópolis, 3a. edição},
  year={2001}
}






@inproceedings{nltk,
  title={NLTK: the natural language toolkit},
  author={Bird, Steven},
  booktitle={Proceedings of the COLING/ACL on Interactive presentation sessions},
  pages={69--72},
  year={2006},
  organization={Association for Computational Linguistics}
}

@inproceedings{citeword,
  title={Collecting, analyzing and visualizing tweets using open source tools},
  author={Yang, Seungwon and Kavanaugh, Andrea L},
  booktitle={Proceedings of the 12th Annual International Digital Government Research Conference: Digital Government Innovation in Challenging Times},
  pages={374--375},
  year={2011},
  organization={ACM}
}






@book{rup,
  title={The rational unified process: an introduction},
  author={Kruchten, Philippe},
  year={2004},
  publisher={Addison-Wesley Professional}
}

@book{goldenberg,
  title={A arte de pesquisar},
  author={Goldenberg, Mirian},
  year={2002},
  publisher={Editora Record}
}

@book{data-command-line,
 title = {Data Science at the Command Line},
 author = {Jeroen Janssens},
 isbn = {978-1-4919-4779-1},
 year = {2014},
 publisher = {O'Reilly Media}
}

@book{machine-learning,
 title = {Machine Learning in Action},
 author = {Peter Harrington},
 isbn = {9781617290183},
 year = {2012},
 publisher = {Manning Publications}
}

@book{machine-hacker,
 title = {Machine Learning For Hackers},
 author = {Drew Conway and John Myles White},
 isbn = {978-1-449-30371-6},
 year = {2012},
 publisher = {O'Reilly Media}
}


@book{mining-social-web,
 title = {Mining the Social Web},
 author = {Matthew A. Russell},
 isbn = {978-1-449-36761-9},
 year = {2013},
 publisher = {O'Reilly Media}
}


@book{felipe-cruz,
 title = {Python: Escreva seus primeiros programas},
 author = {Felipe Cruz},
 year = {2015},
 publisher = {Casa do Código}
}

@book{han,
 title = {Data Mining: Concepts and Techniques},
 author = {Jiawei Han and others},
 year = {2012},
 publisher = {Elsevier}
}

@book{python-analysis,
 title = {Python for Data Analysis},
 author = {Wes McKinney},
 year = {2013},
 publisher = {O'Reilly}
}

@book{analysis-opensource,
 title = {Data Analysis with Open Source Tools},
 author = {Philipp K. Janert},
 year = {2011},
 publisher = {O'Reilly}
}

@book{rest-book,
 title = {REST in Practice - Hypermedia and Systems Architecture},
 author = {Jim Webber and Savas Parastatidis and Ian Robinson},
 year = {2010},
 publisher = {O'Reilly}
}


@book{python-algorithms,
 title = {Python Algorithms - Mastering Basic Algorithms in the Python Language},
 author = {Magnus Lie Hetland},
 year = {2014},
 publisher = {Apress}
}

@book{demo,
  title={Avalia{\c{c}}{\~a}o qualitativa},
  author={Demo, Pedro},
  volume={25},
  year={1991},
  publisher={Autores Associados}
}

@book{folium,
  title={Python Geospatial Analysis Cookbook},
  author={Diener, Michael},
  year={2015},
  publisher={Packt Publishing Ltd}
}










@misc{kaldero,
 author = {Nir Kaldero},
 title = {Why is Python a language of choice for data scientists?},
 year = {2015},
 url = {https://www.quora.com/Why-is-Python-a-language-of-choice-for-data-scientists},
 note = {Acesso em 27 de outubro de 2015}
}

@misc{linkedin-about,
 author = {LinkedIn},
 title = {About LinkedIn},
 year = {2015},
 url = {https://press.linkedin.com/about-linkedin},
 note = {Acesso em 21 de novembro de 2015}
}

@misc{python-doc,
 author = {Python},
 title = {Python 3.4.3 Documentation},
 year = {2015},
 url = {https://docs.python.org/3.4/},
 note = {Acesso em 21 de novembro de 2015}
}

@misc{twitter-doc,
 author = {Twitter},
 title = {Twitter Documentation},
 year = {2016},
 url = {https://dev.twitter.com/overview/documentation},
 note = {Acesso em 21 de abril de 2016}
}

@misc{twitter-example,
 author = {Twitter},
 title = {Tweet Example},
 year = {2016},
 url = {https://twitter.com/unixstickers/status/724338974043574272},
 note = {Acesso em 24 de abril de 2016}
}

@misc{tweepy,
 author = {Documentação Tweepy},
 title = {Biblioteca Tweepy - 3.5.0},
 year = {2009},
 url = {http://tweepy.readthedocs.org/en/v3.5.0/index.html},
 note = {Acesso em 03 de abril de 2016}
}

@misc{statistics,
 author = {Statistic Brain},
 title = {Twitter Statistics},
 year = {2016},
 url = {http://www.statisticbrain.com/twitter-statistics/},
 note = {Acesso em 20 de abril de 2016}
}

@misc{gil,
  title={Como elaborar projetos},
  author={Gil, Antonio Carlos},
  year={2002},
  publisher={S{\~a}o Paulo: Atlas}
}




@inproceedings{twitter1,
  title={What is Twitter, a social network or a news media?},
  author={Kwak, Haewoon and Lee, Changhyun and Park, Hosung and Moon, Sue},
  booktitle={Proceedings of the 19th international conference on World wide web},
  pages={591--600},
  year={2010},
  organization={ACM}
}

@article{twitter2,
  title={Social networks that matter: Twitter under the microscope},
  author={Huberman, Bernardo A and Romero, Daniel M and Wu, Fang},
  journal={Available at SSRN 1313405},
  year={2008}
}

@inproceedings{dirty-data,
  title={Data Mining, Dirty Data, and Costs.},
  author={Pipino, Leo and Kopcso, David},
  booktitle={IQ},
  pages={164--169},
  year={2004}
}











@phdthesis{fraude-eletrica,
  title={Uso de t{\'e}cnicas de data mining para detec{\c{c}}{\~a}o de fraudes em energia el{\'e}trica},
  author={Queiroga, RODRIGO MENDON{\c{C}}A},
  year={2005},
  school={Disserta{\c{c}}ao de Mestrado do Programa de P{\'o}s-Gradua{\c{c}}ao em Inform{\'a}tica da UFES}
}

@phdthesis{credito-bancario,
  title={An{\'a}lise de cr{\'e}dito banc{\'a}rio com o uso de data mining: redes neurais e {\'a}rvores de decis{\~a}o},
  author={Eliane Prezepiorski Lemos},
  year={2003},
  school={Universidade Federal do Paran{\'a}}
}
